@MISC{Laforest10ece1754,
	author = {Eric Laforest},
	title = {ECE 1754 Survey of Loop Transformation Techniques},
	year = {2010}
}

@INPROCEEDINGS{Wolfe89moreiteration,
	author = {Michael Wolfe},
	title = {More iteration space tiling},
	booktitle = {In Proceedings of the Supercomputing 89},
	year = {1989},
	pages = {655--664}
}

@MISC{intel_vec_guidelines,
	title = {Programming Guidelines for Vectorization},
	author = {IntelÂ® oneAPI DPC++/C++ Compiler Developer Guide and Reference},
	year = {2021},
	url = {https://www.intel.com/content/www/us/en/develop/documentation/oneapi-dpcpp-cpp-compiler-dev-guide-and-reference/top/optimization-and-programming-guide/vectorization/automatic-vectorization/programming-guidelines-for-vectorization.html},
}
